<record><leader>00000cas a2200000 a 4500</leader><controlfield tag="001">11202080</controlfield><controlfield tag="008">840927d18051817nyucr ne      0    0eng c</controlfield><datafield ind1=" " ind2=" " tag="010"><subfield code="a">sn 84024345 </subfield></datafield><datafield ind1=" " ind2=" " tag="040"><subfield code="a">NPV</subfield><subfield code="b">eng</subfield><subfield code="c">NPV</subfield><subfield code="d">NPA</subfield><subfield code="d">DLC</subfield><subfield code="d">NPX</subfield><subfield code="d">NPI</subfield><subfield code="d">NJW</subfield><subfield code="d">KNP</subfield><subfield code="d">YOX</subfield><subfield code="d">KNP</subfield><subfield code="d">NYS</subfield><subfield code="d">MGN</subfield><subfield code="d">DLC</subfield><subfield code="d">OCL</subfield><subfield code="d">CVF</subfield><subfield code="d">NYS</subfield><subfield code="d">KRTAS</subfield><subfield code="d">OCLCQ</subfield><subfield code="d">OCLCF</subfield><subfield code="d">OCLCO</subfield></datafield><datafield ind1="1" ind2=" " tag="029"><subfield code="a">AU@</subfield><subfield code="b">000020119596</subfield></datafield><datafield ind1=" " ind2=" " tag="042"><subfield code="a">pcc</subfield></datafield><datafield ind1=" " ind2=" " tag="043"><subfield code="a">n-us-ny</subfield></datafield><datafield ind1="0" ind2="0" tag="050"><subfield code="a">Newspaper</subfield></datafield><datafield ind1="0" ind2="0" tag="245"><subfield code="a">Ming's New-York price-current.</subfield></datafield><datafield ind1="1" ind2=" " tag="246"><subfield code="i">Issues for Jan. 30, 1813-Mar. 13, 1813 published as:</subfield><subfield code="a">Dickinson's (formerly) Ming's New-York price-current</subfield></datafield><datafield ind1="3" ind2="0" tag="246"><subfield code="a">New-York price-current</subfield></datafield><datafield ind1="3" ind2="0" tag="246"><subfield code="a">Dickinson's New York price current</subfield></datafield><datafield ind1=" " ind2=" " tag="260"><subfield code="a">New-York [N.Y.] :</subfield><subfield code="b">A. Ming,</subfield><subfield code="c">1805-1817.</subfield></datafield><datafield ind1=" " ind2=" " tag="300"><subfield code="a">13 v.</subfield></datafield><datafield ind1=" " ind2=" " tag="310"><subfield code="a">Semiweekly</subfield></datafield><datafield ind1=" " ind2=" " tag="321"><subfield code="a">Weekly,</subfield><subfield code="b">Sept. 21, 1805-May 17, 1817</subfield></datafield><datafield ind1="0" ind2=" " tag="362"><subfield code="a">No. 493 (Sept. 21, 1805) -; -whole no. 1202 (Dec. 31, 1817).</subfield></datafield><datafield ind1="4" ind2=" " tag="510"><subfield code="a">Brigham, C.S. Early American newspapers</subfield><subfield code="c">p. 680</subfield></datafield><datafield ind1=" " ind2=" " tag="515"><subfield code="a">Issues for Dec. 6, 1817-Dec. 31, 1817 also called no. 1 of new ser.-no. 8 of new ser.</subfield></datafield><datafield ind1=" " ind2=" " tag="530"><subfield code="a">Also issued in microform from Readex Microprint Corp.</subfield></datafield><datafield ind1=" " ind2="0" tag="651"><subfield code="a">New York (N.Y.)</subfield><subfield code="v">Newspapers.</subfield></datafield><datafield ind1=" " ind2="0" tag="651"><subfield code="a">New York County (N.Y.)</subfield><subfield code="v">Newspapers.</subfield></datafield><datafield ind1=" " ind2="7" tag="655"><subfield code="a">Newspapers.</subfield><subfield code="2">fast</subfield><subfield code="0">(OCoLC)fst01423814</subfield></datafield><datafield ind1=" " ind2="7" tag="651"><subfield code="a">New York (State)</subfield><subfield code="z">New York.</subfield><subfield code="2">fast</subfield><subfield code="0">(OCoLC)fst01204333</subfield></datafield><datafield ind1=" " ind2="7" tag="651"><subfield code="a">New York (State)</subfield><subfield code="z">New York County.</subfield><subfield code="2">fast</subfield><subfield code="0">(OCoLC)fst01234953</subfield></datafield><datafield ind1=" " ind2=" " tag="752"><subfield code="a">United States</subfield><subfield code="b">New York</subfield><subfield code="c">New York</subfield><subfield code="d">New York.</subfield></datafield><datafield ind1="0" ind2="8" tag="776"><subfield code="i">Online version:</subfield><subfield code="t">Ming's New-York price-current</subfield><subfield code="w">(OCoLC)671676089</subfield></datafield><datafield ind1="0" ind2="0" tag="780"><subfield code="t">Ming &amp; Young's New-York price-current</subfield><subfield code="w">(DLC)sn 84024344</subfield><subfield code="w">(OCoLC)11201972</subfield></datafield><datafield ind1=" " ind2=" " tag="938"><subfield code="a">Kirtas Technologies, Inc.</subfield><subfield code="b">KRTS</subfield><subfield code="n">738794</subfield></datafield></record>